3074 4898
21 251 22 272 1
155 235 217 304 242
360 257 410 310 rut
429 253 481 310 IX.
507 256 594 324 epist.
614 255 664 310 dc.
683 254 728 310 13.
747 253 815 311 Mul
834 255 909 311 1814
928 257 970 311 ud
989 259 1081 326 episc.
1100 252 1230 312 avernen.

158 429 249 513 »quia
273 429 420 495 rectiores
435 429 494 494 visi
509 430 642 508 lucrant,
666 429 862 508 adamarunt,
886 431 942 494 aut
956 432 1116 513 tamquam
1139 431 1244 496 1111111
1266 431 1306 495 ab
1323 430 1401 496 hac-

20 557 21 586 1
157 535 279 599 ›reticis
308 533 575 618 schismaticisque
598 553 650 599 eos
673 533 897 600 discernentem
926 535 1028 618 aliquo
1051 533 1164 600 abhinc
1186 537 1324 618 temporo
1347 553 1399 599 as·

20 639 21 712 1
154 642 379 722 sumpserunt.‹
403 637 586 723 (Gregorius
610 638 695 704 XVI.
720 638 753 703 in
776 638 839 703 suis
862 637 989 704 hittcris
1011 637 1156 704 8111111111
1173 638 1398 720 1111111111-

156 743 345 807 acvolcntioc
367 742 428 807 diei
451 743 482 807 2.
506 742 584 826 Maji
609 728 716 822 1836.)
761 743 971 827 Quapropter,
1002 761 1057 806 ceu
1080 741 1179 806 tradit
1199 742 1281 806 idem
1302 740 1400 807 Sum·

20 835 21 892 Ῐ
153 865 222 910 mus
245 846 396 922 Pontifex,
424 865 479 912 »aa
500 847 610 930 regula
634 847 757 912 omnino
779 846 931 912 servanda
954 849 1002 912 est
1023 865 1084 932 qua
1106 846 1267 924 statuitur,
1289 846 1400 912 incon·

20 945 21 1010 3
156 948 258 1016 ›sulta
281 949 360 1020 Sede
381 949 571 1034 Apostolica,
593 952 625 1014 in
652 968 756 1016 sacrae
779 950 941 1036 Litnrgiae
970 949 1083 1015 ritibus
1114 949 1191 1013 nihil
1215 967 1280 1014 esse
1309 950 1398 1014 inno-

156 1053 307 1120 ›vandum
333 1054 427 1118 etiam
459 1053 580 1118 nomine
604 1053 798 1119 instaurandi
829 1053 1048 1134 caerimonias,
1080 1073 1159 1137 quae
1181 1051 1333 1137 Liturgiis
1355 1053 1398 1117 ah

155 1157 280 1222 »cadem
305 1155 382 1222 Sede
404 1157 541 1240 probatis
563 1160 664 1241 magis
694 1157 863 1223 conformes
887 1177 952 1223 esse
976 1157 1153 1236 videantur,
1183 1156 1298 1221 nisiex
1320 1175 1399 1240 gra·

156 1261 309 1326 »cissimis
340 1261 440 1326 causis
458 1263 496 1326 et
517 1257 680 1326 accedente
711 1257 801 1326 Sedis
825 1259 1020 1345 Apostolicao
1050 1260 1266 1326 auctoritates
1301 1259 1398 1344 (Gre-

151 1365 255 1448 gorius
270 1363 355 1430 xvl.
380 1365 412 1430 in
428 1364 492 1430 suis
508 1365 636 1450 Litteris
652 1365 741 1430 later
759 1368 970 1450 moriosiores
984 1365 1045 1430 dici
1061 1367 1090 1432 3.
1108 1363 1267 1430 Februarii
1286 1365 1398 1449 1832.)

253 1469 348 1535 Hisce
369 1487 457 1552 porro
477 1468 556 1553 juris
579 1469 755 1552 principiis,
778 1487 857 1552 quae
880 1487 934 1553 pro
957 1468 1109 1534 univorsis
1132 1467 1291 1533 orientalis
1313 1468 1398 1534 ritus

151 1574 297 1640 Ecclesiis
319 1575 452 1659 sapienti
476 1574 602 1640 consilio
626 1575 751 1640 luerunt
774 1574 903 1652 sancita,
927 1575 1048 1659 regitur
1062 1591 1192 1660 quoque,
1215 1574 1261 1639 uti
1279 1573 1399 1657 pluries

151 1679 224 1744 data
248 1679 407 1744 occasione
430 1678 623 1744 declaratum
640 1679 688 1744 est
707 1679 889 1761 praesertim
912 1679 944 1742 in
960 1677 1101 1762 superius
1115 1679 1285 1742 memorato
1300 1676 1398 1744 Brevi

18 1749 22 1806 Γ
151 1782 241 1848 Pauli
264 1782 314 1862 V,
338 1783 486 1867 liturgica
509 1781 673 1866 disciplina
697 1782 922 1860 Ruthcnorum,
944 1801 1020 1866 quos
1043 1801 1101 1847 non
1122 1780 1310 1846 destiterunt
1335 1779 1398 1846 Ro-

18 1861 20 1930 1
151 1886 235 1951 mani
259 1885 425 1952 Pontifices
447 1885 598 1970 singulari
623 1885 858 1952 benevolentiae
886 1887 998 1952 affectu
1021 1905 1058 1952 ac
1079 1884 1286 1970 peculiaribus
1307 1885 1397 1950 lavo·

150 1990 236 2054 rihus
259 1992 419 2075 prosequi;
444 1991 591 2056 1111111
614 1989 738 2074 aliquod
761 1991 932 2074 periculum
955 1991 1116 2056 imminere
1132 1991 1164 2056 ct
1179 2007 1284 2055 eorum
1299 1987 1395 2052 iidem

17 2085 19 2106 ²
155 2095 186 2158 in
215 2093 380 2160 discrimen
410 2094 522 2160 adduci
551 2097 746 2178 perspectum
770 2096 835 2172 est,
870 2094 1049 2178 Apostolica
1074 2093 1171 2160 Sedes
1201 2092 1395 2158 adtentum

17 2235 19 2294 ἰ
152 2198 269 2263 malum
301 2198 500 2266 avertendum
534 2217 638 2264 vocem
672 2218 759 2264 suam
793 2199 908 2283 absque
941 2198 1005 2264 ulla
1040 2217 1126 2263 mora
1160 2195 1304 2262 attollere
1332 2215 1394 2260 nou

17 2313 19 2378 ἶ
152 2303 371 2386 praetermisit.
417 2301 573 2368 Solemnis
596 2301 698 2368 adhuc
723 2304 796 2368 sunt
819 2303 912 2368 verha
942 2303 1053 2386 quihus
1076 2321 1150 2366 usus
1173 2304 1220 2366 est
1242 2299 1395 2366 Decessor

152 2405 266 2471 Noster
287 2404 455 2491 Gregorius
471 2401 556 2474 XVI.
580 2407 630 2472 iel.
652 2407 719 2472 mel.
741 2406 912 2489 (Allocutio
933 2399 1042 2471 ha'bita
1064 2406 1095 2470 in
1119 2403 1307 2471 Consistorio
1329 2402 1393 2469 diei

152 2509 203 2576 22.
227 2509 305 2577 Nov.
331 2511 428 2594 1839)
452 2529 522 2575 cum
549 2509 668 2576 scilicet
691 2510 905 2576 ltuthcnorum
929 2509 1030 2588 natio,
1061 2511 1098 2573 ut
1120 2508 1228 2592 cuique
1252 2509 1392 2592 explora-

56 2663 62 2674 .
149 2615 307 2690 11111111,
338 2615 369 2678 11
401 2615 570 2698 asperrima
600 2617 776 2680 versaretur
805 2633 908 2679 rernm
938 2613 1113 2679 conditione
1144 2633 1205 2696 qua
1236 2613 1319 2696 ipsos
1350 2611 1392 2676 ad

150 2737 245 2800 usqne
268 2717 373 2784 tricies
397 2721 525 2784 centena
555 2718 656 2784 millia
679 2737 714 2784 cx
738 2719 916 2786 Catholicae
940 2717 1097 2784 Ecclesiae
1128 2718 1246 2803 gremio
1277 2717 1390 2784 miser·-

16 2841 18 2894 1
150 2822 226 2886 rime
250 2821 373 2886 avulsos
397 2826 428 2886 ct
451 2822 542 2887 hodie
563 2823 781 2889 lamentamur.

253 2923 318 2988 Nec
351 2923 468 3006 pariter
497 2924 711 2991 Rothenorum
746 2925 865 2990 nationi
899 2925 997 2991 deluit
1029 2925 1166 3010 ejusdcm
1194 2925 1391 3010 apostolicae

16 3007 18 3068 ἶ
94 3027 99 3034 “
149 3025 238 3092 Sedis
260 3027 419 3102 auxilium,
443 3047 512 3091 oum
537 3047 648 3112 graves
664 3031 696 3094 11
710 3028 875 3094 diuturnae
890 3029 1116 3094 controversiae
1133 3031 1163 3093 in
1179 3027 1392 3096 ecclesiastica
1434 3049 1450 3062 ⁸·

149 3129 311 3195 Provincia
333 3129 523 3213 Leopolieusi
553 3131 592 3196 oh
623 3131 803 3216 disciplinae
833 3135 864 3198 ct
893 3133 972 3198 ritus
1002 3132 1204 3211 varietatem,
1234 3135 1328 3216 atquc
1352 3135 1389 3198 oh

16 3251 17 3256 ¹
148 3235 273 3298 mutuas
296 3234 471 3312 relationes,
496 3253 573 3319 quac
597 3236 678 3302 inter
701 3236 924 3302 ecclesiasticos
950 3238 1030 3301 viros
1052 3237 1143 3301 latini
1164 3241 1196 3302 et
1218 3237 1321 3320 graeci
1345 3239 1389 3303 ri-

16 3391 18 3422 ,
148 3340 198 3402 tus
221 3336 265 3402 ibi
286 3337 536 3416 intercedebant,
566 3359 626 3404 non
656 3341 771 3424 absque
802 3339 987 3406 christianae
1017 3339 1179 3405 charitatis
1201 3341 1388 3407 detrimento

147 3441 368 3526 agitabantur,
403 3461 481 3524 quae
510 3461 564 3525 per
593 3443 825 3509 conventionem
857 3463 909 3508 seu
936 3443 1129 3509 concordiam
1161 3445 1199 3509 ad
1229 3444 1388 3530 Episcopis

149 3545 309 3628 utriusque
338 3545 420 3611 ritus
451 3547 653 3629 propositam,
685 3550 717 3613 et
749 3548 799 3612 die
821 3549 851 3615 11.
876 3547 1017 3612 Octobris
1042 3548 1124 3612 1863
1155 3549 1307 3615 sancitam
1330 3547 1386 3614 de'·

148 3649 231 3713 croto
255 3647 286 3714 S.
311 3647 567 3733 Congregationis
597 3649 635 3732 de
659 3651 863 3741 Propaganda
886 3651 960 3716 Pide
991 3672 1045 3735 pro
1075 3652 1207 3736 negotiis
1229 3653 1387 3743 orientalis
1517 3743 1518 3756 ,

148 3753 238 3830 ritus,
262 3753 394 3818 lelicitcr
416 3751 542 3818 luerunt
564 3757 750 3838 compositae
773 3775 809 3820 ac
832 3755 1013 3838 diremptae.

250 3853 364 3921 Verum
388 3856 560 3922 miserrima
584 3878 685 3924 rerum
703 3860 850 3942 adjuncta
865 3859 897 3924 in
914 3859 1026 3942 quihus
1048 3859 1154 3924 cadem
1179 3859 1388 3925 ecclesiastica

148 3958 325 4038 Provincia,
356 3962 388 4025 ct
410 3962 606 4044 potissimum
629 3963 765 4029 finitima
787 3963 979 4029 Cheimensis
1010 3964 1164 4030 Diccccsis
1186 3965 1219 4029 in
1242 3981 1387 4048 praesen-

148 4064 262 4128 tiarum
285 4067 457 4143 versantur,
481 4083 603 4132 ornnem
628 4067 776 4132 Nostram
799 4067 996 4153 vigilantiam
1018 4070 1049 4132 ot
1064 4067 1304 4134 sollicitudinem
1318 4069 1388 4152 jure

147 4167 315 4249 acfmcrito
338 4185 443 4232 rursus
467 4171 669 4252 expostulant.
715 4171 899 4256 Nuperrirnc
930 4171 1081 4255 siquidem
1106 4171 1144 4236 ad
1167 4171 1232 4236 Nos
1254 4173 1386 4239 rolatum
1516 4157 1517 4180 ἶ

147 4272 195 4334 111
216 4271 297 4335 inter
319 4272 395 4336 istos
419 4270 594 4337 Catholicos
617 4272 891 4340 Gracco-Rulliani
913 4275 993 4339 ritus
1016 4275 1063 4340 vel
1088 4294 1188 4341 acrem
1212 4279 1387 4344 controver-

148 4373 224 4436 siam
249 4371 286 4436 do
309 4393 341 4438 re
364 4373 511 4456 liturgica
534 4377 698 4440 temerario
722 4396 799 4441 ausu
822 4377 988 4442 excitatam
1005 4397 1081 4456 csse,
1105 4397 1140 4444 ac
1163 4380 1310 4462 quosdam
1334 4403 1387 4448 er-

147 4475 251 4555 isterc,
275 4477 350 4542 licet
372 4478 403 4541 in
427 4478 563 4543 clericali
586 4479 689 4545 ordine
713 4483 907 4562 constitutos,
930 4485 982 4566 qni
1005 4486 1097 4550 robus
1120 4484 1205 4551 rrovis
1227 4485 1388 4551 studentes

148 4595 250 4641 sacras
286 4581 494 4645 caeremonias
529 4580 607 4646 alias
639 4585 879 4650 immemorabili
913 4605 971 4652 usu
1004 4587 1205 4655 laudabiliter
1238 4593 1387 4674 receptas,
