3074 4898
104 311 107 346 τ
159 335 221 401 19ss
262 350 341 410 Ocat.
363 351 460 408 Bloch.
486 350 736 408 sardensem
760 367 804 406 aas
828 353 888 407 deas
912 351 1009 421 Papo!
1034 351 1082 406 ab.
1108 349 1188 418 conf.
1210 349 1402 406 GcseE-mw.

581 523 713 588 Dilectis
738 523 822 589 Eiliis
843 523 966 590 Nostris

177 643 362 732 Mesenae
383 643 414 712 S.
438 645 475 711 R.
497 645 531 710 E.
554 645 738 730 Presbytero
761 645 931 712 Gordinati
950 643 1218 727 Sceuarasseerp,
1243 643 1376 710 Archis-

621 733 744 817 piscopo
767 731 927 815 Pragensi,

261 813 399 917 Joecplre
420 835 589 902 (dorsiculi
612 835 786 916 Euarchos,
811 835 1050 919 acchiepiscopo
1073 836 1239 902 Viennensi
1262 835 1294 900 et
1318 795 1324 804 ’

203 941 433 1009 Macimilieao
454 939 625 1008 Gordinatc'
648 939 1081 1026 Tamadcsy,brcbiepiscopo
1102 938 1341 1023 Salisburgensi.

648 1081 742 1151 PIUS
764 1081 826 1146 ΡΡ.
850 1081 905 1148 ΙΧ.

264 1197 381 1265 Dilecti
404 1199 476 1266 Eilii
499 1199 605 1266 Nostri
627 1203 760 1268 salutem
784 1205 816 1268 et
838 1201 1038 1288 apostolicam
1061 1199 1321 1264 Benedictionem.

263 1285 444 1370 Excepimus
466 1286 590 1352 litteras
612 1291 714 1356 vestra
740 1289 888 1374 religione
919 1291 950 1354 et
985 1287 1084 1373 gradu
1107 1286 1237 1371 dignas,
1270 1285 1320 1349 die
1346 1285 1402 1348 26.

161 1371 257 1456 elapsi
280 1373 385 1439 blartii
410 1372 527 1440 adNos
549 1375 649 1455 datas,
673 1396 708 1443 ac
732 1377 890 1460 adjectum
912 1375 1067 1457 exemplar
1099 1373 1308 1438 nobilissimae
1340 1371 1401 1434 dc-

162 1460 341 1526 clarationis
363 1461 503 1540 Vestrae,
526 1481 586 1544 qua
599 1463 676 1540 Vos,
698 1483 759 1528 nna
782 1483 851 1528 cum
874 1463 945 1528 aliis
969 1461 1044 1528 Van.
1068 1460 1229 1526 Fratribus
1254 1459 1402 1524 aucas-

160 1559 217 1614 raa
239 1547 375 1626 ditionis,
397 1551 504 1614 contra
525 1550 627 1633 legem
658 1551 696 1616 de
717 1544 918 1617 exterioribus
937 1549 1018 1633 juris
1040 1547 1195 1614 Ecclesiae
1226 1546 1404 1614 rationibus

163 1634 201 1698 ab
224 1634 284 1700 isto
306 1633 462 1700 Gubernio
484 1637 683 1720 propositam,
706 1643 817 1722 magno
840 1657 911 1702 cum
934 1635 1028 1704 animi
1058 1634 1167 1722 robore
1196 1635 1403 1717 argumento-

140 1739 230 1786 ·rum
253 1721 285 1786 vi
307 1725 340 1787 st
361 1722 507 1788 orationis
529 1721 686 1791 soliditate
709 1723 911 1790 acclamastis.
956 1721 1149 1789 Perlibenter
1178 1721 1399 1804 perspeximus,

103 1885 108 1892 Ι
163 1807 270 1874 dilecti
285 1807 363 1885 ,sirii
385 1807 501 1888 Nostri,
526 1811 588 1876 Vos
611 1811 704 1876 officii
718 1812 820 1876 Vestri
840 1811 960 1876 duxisse
984 1811 1016 1875 in
1039 1828 1075 1875 ea
1097 1806 1305 1874 declaratione
1328 1823 1402 1889 pes-

104 1899 112 1911 ·“
161 1894 241 1960 sima
263 1893 324 1959 illa·
340 1896 490 1978 principia
512 1915 706 1982 oppugnare,
731 1917 808 1982 quae
831 1898 862 1964 ln
885 1897 1042 1982 praedicta
1065 1893 1215 1961 Gubernii
1236 1895 1305 1978 lege
1327 1911 1406 1958 con-

158 1981 312 2061 tinentum·
332 1981 403 2048 initi
424 1982 633 2050 sonandam
662 1985 724 2050 rim
747 1985 863 2051 diserte
885 1985 984 2064 tueri,
1011 2003 1047 2048 ac
1066 1983 1139 2066 jura
1167 1985 1200 2047 et
1221 1981 1406 2045 libertatem

161 2066 317 2134 Ecclesiae
339 2069 469 2134 tirmiter
491 2089 636 2150 asserere,
659 2073 691 2137 in
713 2071 825 2155 quibus
848 2072 954 2157 agitur
986 2069 1024 2136 de
1054 2088 1141 2136 sacro
1167 2068 1222 2134 illo
1251 2067 1405 2150 deposito,

161 2154 252 2238 quod,
276 2155 311 2220 nt
333 2156 378 2220 ait
400 2155 591 2239 Ambrosius,
615 2159 646 2224 in
670 2159 799 2226 aliorum
823 2177 932 2226 manus
954 2157 1037 2224 tradi
1060 2175 1120 2222 non
1142 2157 1255 2240 potest,
1276 2154 1336 2220 nisi
1359 2153 1407 2217 si-

100 2266 103 2270 ·
126 2305 129 2312 ,
161 2241 228 2306 mul
250 2241 393 2308 tradatur
416 2243 570 2310 hereditas
592 2242 718 2312 Christi.
764 2245 965 2312 Gratulamnr
993 2243 1098 2327 itaque
1121 2243 1217 2310 Vobis
1239 2240 1407 2325 impensis-

161 2327 240 2394 sime
260 2329 298 2393 ob
321 2329 481 2414 egregium
506 2332 652 2397 Vestrum
682 2331 713 2398 in
736 2331 929 2418 Religionem
960 2333 991 2396 et
1014 2329 1207 2396 Catholieam
1228 2328 1405 2394 Ecclesiam

110 2457 111 2460 =
156 2413 305 2481 :studium
330 2435 366 2480 ac
387 2416 508 2495 nolum,
540 2419 633 2504 idque
663 2437 697 2485 eo
720 2419 853 2486 uberiori
887 2419 982 2485 etiam
1014 2435 1084 2482 cum
1118 2417 1230 2482 ellectu
1260 2413 1404 2491 iacimus,
1523 2410 1524 2427 ¹

163 2501 245 2586 qnod
267 2521 326 2570 non
349 2503 448 2570 solum
463 2505 588 2590 scripto,
610 2505 664 2572 sed
687 2507 937 2591 gravissimorum
949 2505 1044 2571 etiam
1068 2520 1244 2570 sermonem
1265 2501 1403 2586 pondere

160 2607 288 2676 causam
311 2589 466 2672 Ecclesiae
488 2595 612 2660 strenue
637 2595 718 2660 tueri
741 2612 844 2660 coram
875 2595 941 2678 ipso
963 2593 1129 2660 Preesum
1154 2590 1313 2656 Conventa
1341 2589 1404 2654 don

164 2674 323 2746 omisistis.
366 2675 451 2744 Dum
470 2699 555 2747 ,vero
577 2681 640 2748 Vos
674 2681 731 2748 bac
753 2682 872 2748 ratione
894 2680 987 2747 tidem
1016 2679 1048 2744 et
1078 2678 1226 2744 virtutem
1257 2676 1403 2742 Vestram

162 2761 317 2828 Ecclesiae
340 2763 398 2830 Dei
419 2765 591 2832 luculenter
612 2767 775 2852 probastis,
799 2787 858 2834 non
880 2767 1073 2846 dubitamus,
1097 2763 1169 2849 quin
1191 2763 1297 2830 eodem
1320 2761 1403 2827 tem-

100 2863 101 2868 ’
162 2859 235 2932 pore
260 2850 431 2934 exemplum
455 2854 486 2918 et
509 2855 678 2920 auctoritas
691 2856 803 2920 Vestra
824 2855 993 2939 plurimum
1016 2852 1058 2917 sit
1081 2851 1224 2931 valitura,
1248 2853 1284 2915 ut
1306 2847 1402 2914 istbic
1522 2879 1523 2885 κ

163 2935 286 3004 Fideles
307 2955 412 3002 omnes
431 2939 463 3004 in
487 2941 621 3006 recitate
641 2942 868 3022 confirmentur,
891 2940 923 3006 in
944 2939 1044 3006 officio
1074 2955 1128 3004 suo
1149 2957 1225 3024 erga
1246 2937 1348 3002 Deum
1370 2935 1403 3000 et

68 3089 72 3100 ,
163 3023 333 3090 Eccloeiam
361 3024 494 3106 tirmiter
521 3032 689 3107 maneant,
719 3047 755 3095 ao
784 3046 850 3094 sese
878 3027 989 3113 dignos
1018 3025 1188 3092 christiano
1217 3025 1339 3090 nomina
1369 3023 1405 3087 et

164 3109 507 3196 professionealaeriter
527 3117 758 3186 eteoutsanter
769 3116 923 3190 ,exhibere
942 3112 1139 3181 cantandant.
1184 3111 1280 3178 Vobis
1294 3110 1401 3176 autom

164 3195 294 3262 summis
315 3198 396 3263 votis
418 3219 437 3265 a
458 3199 523 3268 Deo
546 3201 792 3270 clementissimo
814 3203 911 3283 vires,
934 3201 1086 3288 gratiam,
1109 3197 1323 3266 tortitudinem
1346 3195 1403 3260 ad·

164 3301 335 3368 precamur,
359 3286 396 3350 nt
415 3285 505 3370 juxta
527 3289 687 3374 egregium
711 3289 898 3373 propositum
922 3287 1047 3354 virtutis
1069 3287 1209 3364 Vestrae,
1232 3285 1313 3369 quod
1336 3283 1404 3349 No·

164 3370 212 3458 bis
227 3371 430 3454 expressistis,
454 3375 532 3440 nihil
554 3376 803 3443 dimicationibus
826 3377 857 3442 et
877 3373 1118 3441 adversitatibus
1140 3372 1250 3455 temiti,
1276 3371 1403 3456 diguam

165 3475 201 3523 eo
216 3457 338 3543 gradu,
368 3479 460 3543 quem
487 3461 520 3526 iu
543 3463 680 3529 Ecclesia
702 3461 872 3540 obtinetis,
894 3479 1016 3546 operam
1040 3461 1099 3545 ipsi
1120 3477 1234 3526 narare
1254 3457 1403 3542 pergatis,

164 3544 253 3628 eique
277 3546 342 3610 mm
365 3547 477 3613 misero
499 3549 635 3633 tompore
658 3549 727 3616 istis
749 3551 782 3615 in
803 3549 980 3636 regionibus
1001 3549 1089 3614 firmo
1110 3545 1263 3631 praesidio
1292 3546 1324 3610 et
1346 3542 1403 3608 de-

163 3630 295 3697 fensioni
318 3651 384 3698 esse
405 3635 540 3716 possitis.
586 3635 684 3702 Grato
707 3637 831 3702 demum
851 3637 1070 3722 prosequentes
1094 3633 1196 3699 animo
1217 3633 1298 3712 vota,
1322 3647 1403 3714 quae
1520 3627 1521 3690 l

164 3716 441 3800 Nobisobtulistis,
464 3726 497 3788 et
519 3722 551 3788 in
574 3724 742 3792 orationem
754 3724 936 3790 Vestrarum
960 3723 1082 3789 auxiliis
1104 3719 1300 3796 confidentes,
1322 3719 1403 3800 Apo·
1520 3743 1521 3802 ,

165 3802 308 3870 stolicam
330 3805 581 3876 Benedictionem
610 3809 645 3875 'in
677 3811 707 3894 pi
734 3808 789 3876 nus
812 3811 949 3877 sincerae
982 3828 1019 3876 ac
1050 3808 1232 3893 praecipuae
1264 3805 1404 3872 caritatis

164 3889 313 3972 Nostrae,
337 3891 443 3972 Vobis,
471 3893 581 3962 Dilecti
613 3897 683 3964 Eilii
705 3831 795 3963 {atri
826 3895 955 3982 aliisque
984 3894 1221 3962 Venerabilibus
1243 3891 1404 3958 Fratribus

165 3977 349 4047 austriacas
372 3978 497 4051 ditionis
509 3983 677 4070 Episcopis,
699 4003 826 4052 necnon
848 3985 995 4069 gregibus
1006 3981 1245 4067 uuiuscujusque
1256 3980 1403 4045 Vestrum
1519 3973 1520 4020 ³

165 4083 257 4132 curae
279 4065 461 4154 concreditis
483 4071 698 4163 amantissime
715 4073 753 4164 ‚in
776 4071 911 4139 Domine
933 4071 1137 4154 impertimus.

163 4155 168 4168 ’
270 4167 388 4236 Datum
412 4172 533 4240 Romae
556 4174 637 4260 apud
658 4194 683 4240 s.
706 4175 845 4254 Petrum,
869 4174 918 4240 die
941 4175 992 4250 29.
1015 4172 1132 4258 Aprilis
1154 4191 1181 4239 a
1207 4169 1301 4236 1874.

477 4267 481 4277 ’
609 4277 813 4345 Pontificatus
834 4277 943 4346 Nostri
965 4297 1043 4342 anno
1065 4275 1220 4344 Vicesimo
1242 4275 1362 4345 octavo.

827 4381 913 4448 'Plus
938 4379 1001 4447 ΡΡ.
1024 4379 1091 4446 ΙΧ.
