3074 4898
146 347 225 402 (leat.
254 337 355 401 Bteclrss
372 341 418 400 96.
438 343 529 400 Mara
550 343 626 400 1874
644 361 687 402 aa
718 342 778 402 deri
799 343 896 416 Pnpst
920 342 969 402 ed.
995 325 1075 417 couri
1093 342 1276 404 Gra-Enim.
1322 325 1383 396 195

247 515 396 587 Sanctum
418 517 516 603 igitur
538 518 626 587 nobis
648 517 709 584 fuit
731 517 941 585 declaratione
973 519 1039 585 tam
1062 517 1165 586 cultus
1187 521 1219 586 et
1249 520 1385 587 instruc·

143 622 238 688 tionis
261 621 402 705 publicae
424 621 566 689 ministro
587 622 685 706 quam·
704 623 826 688 senatui
848 623 1075 694 communicata
1097 641 1153 692 nec
1179 643 1240 691 nou
1262 624 1385 710 publice

143 727 300 818 proposita
326 729 434 794 contra
458 727 553 794 istam
584 727 664 810 juris
694 723 791 793 diuini
819 726 994 812 ordinisque
1024 727 1150 795 moralis
1179 715 1383 797 iduersionem

145 833 313 898 fortissime
340 832 519 898 reclamare.
564 832 662 898 Prout
691 829 849 898 Sanctitas
878 831 945 898 Tua
977 851 1013 898 er
1038 822 1162 916 adjecto
1190 833 1239 900 his
1270 835 1383 901 nostris

146 937 261 1002 littoris
283 936 457 1020 exemplare
478 935 573 1013 videt,
597 936 712 1022 absque
742 935 811 1003 nlla
832 937 1039 1022 ambiguitate
1062 937 1274 1023 exposuimus,
1303 939 1385 1025 quod

146 1040 194 1106 rel
217 1059 235 1106 a
256 1041 317 1106 tide
346 1041 378 1106 in
402 1041 499 1106 Deum
529 1043 561 1108 et
590 1039 706 1106 lilium
733 1039 799 1125 eius
830 1041 1025 1126 unigenitum
1048 1040 1222 1108 desciscant
1249 1043 1384 1130 eclipsi
1446 1031 1447 1034 ¹

146 1145 208 1211 sibi
230 1143 452 1224 contradicant,
474 1144 528 1228 qui
550 1135 736 1228 potestatem
760 1145 882 1210 civilem
899 1163 1075 1229 supremam
1098 1163 1164 1212 esse
1178 1146 1383 1230 praetendant

145 1251 193 1316 ita
214 1251 250 1316 ut
272 1248 418 1317 catholici
441 1249 468 1315 ei
492 1268 551 1315 noo
574 1247 605 1314 in
628 1249 771 1315 civilibus
794 1251 918 1315 tantum
941 1248 994 1314 sed
1016 1247 1049 1319 in
1061 1249 1173 1322 diuinis
1194 1269 1315 1336 quoque
1337 1271 1387 1318 cc·

145 1355 388 1438 clesiaslicisque
409 1354 501 1419 rebus
515 1353 639 1420 obedire
654 1355 827 1421 teneantur.
873 1354 1001 1438 Fracter
1022 1355 1189 1438 pessimum
1201 1355 1286 1422 istud
1298 1355 1386 1441 prin·
1529 1425 1530 1430 ,

146 1457 260 1541 cipium
284 1457 378 1523 etiam
400 1457 473 1536 ulia,
495 1475 573 1542 quae
595 1457 628 1522 in
658 1457 730 1542 lego
755 1457 896 1541 praefata
918 1457 1112 1541 potissimum
1133 1459 1385 1542 reprehendenda

144 1564 261 1640 esseut,
284 1561 493 1627 declaratione
517 1563 621 1627 nostra
642 1563 894 1646 perstrinximus3
917 1561 1068 1628 ediximus
1083 1563 1274 1647 postulatum
1292 1563 1388 1648 justi·
1529 1593 1530 1636 z

150 1667 214 1733 tiae
237 1666 417 1732 concordiae
440 1667 523 1732 actui
541 1665 679 1732 innixum
703 1665 1037 1732 iactisadversantibus
1059 1685 1119 1733 non
1142 1685 1207 1734 esse
1229 1667 1388 1734 sucatum
1529 1679 1530 1684 ’

147 1773 179 1837 et
202 1769 444 1837 declaravimus:
467 1769 493 1835 si
516 1770 679 1856 contingat
700 1772 736 1836 ut
758 1769 879 1855 rogatio
901 1770 981 1855 legis
1006 1770 1064 1838 »da
1086 1771 1287 1838 exterioribus
1305 1771 1386 1856 juria

147 1874 304 1942 Ecclesiae
326 1872 517 1940 rationibus«
543 1874 733 1952 sanciretur,
764 1893 818 1940 nos
847 1873 914 1959 ejus
935 1873 1230 1960 praescriptionibus
1260 1879 1389 1944 eatenus

62 2068 71 2083 ἱ
147 1979 345 2054 obsecuturos
366 1980 520 2062 quatenos
548 1997 619 2044 curu
641 1978 842 2044 concordatus
863 1973 1072 2044 sanctionibus
1093 1980 1194 2064 quoad
1227 1997 1293 2048 rom
1316 1999 1415 2047 coo··
1529 1957 1530 1994 ³

153 2083 311 2161 ⁸⁰¹1i5²¹¹i3
333 2101 489 2167 nunquam
525 2085 637 2167 anum,
652 2083 715 2148 iore
748 2084 785 2148 ut
813 2081 994 2166 obsequium
1008 2086 1234 2166 praestaremus
1256 2081 1385 2151 manda.
1529 2087 1530 2112 r

147 2190 201 2266 tis,
223 2207 303 2271 quae
326 2187 411 2258 salua
435 2186 589 2252 Ecclesiae
612 2185 712 2252 salute
735 2185 857 2270 impleri
879 2204 938 2252 noa
961 2188 1095 2270 possent.

253 2291 433 2358 Increscunt
455 2291 599 2357 continno
621 2289 822 2356 difficultates
852 2292 885 2356 et-
909 2291 1064 2376 augeutur
1093 2291 1245 2376 pericula,
1275 2291 1387 2378 quitus

148 2392 288 2464 llccleaia
307 2394 366 2461 Dei
388 2393 523 2479 undique
550 2395 717 2485 premitur:
745 2413 800 2460 nos
828 2395 932 2463 autem
955 2393 1201 2478 praeclarissimo
1230 2395 1388 2464 Sanctita-

150 2501 193 2568 tis
215 2501 299 2566 'luae
323 2499 460 2583 exemplo
483 2499 620 2578 excitati,
642 2498 938 2584 sapientissimisque
960 2499 1087 2566 monitis
1105 2493 1291 2570 'communiti
1317 2519 1388 2586 spo·

148 2599 255 2671 ramus
278 2605 311 2700 in
335 2604 473 2683 Domino,
498 2603 587 2688 cujus
607 2601 734 2670 coelesti
760 2603 863 2688 gratia
885 2602 973 2670 nobis
994 2603 1168 2683 tribuatur,
1190 2605 1281 2671 utin
1303 2603 1387 2672 omui

147 2729 252 2777 rerum
274 2707 488 2775 uicissitudine
510 2707 692 2792 impleamus
714 2705 744 2775 S.
769 2697 916 2794 Cypriani
939 2707 1079 2775 uerbum:
1126 2705 1296 2776 »Sacerdos
1325 2707 1386 2774 Dei

148 2812 343 2901 euangelium
365 2815 474 2879 tenens
496 2812 527 2877 et
543 2807 660 2878 Christi
680 2815 844 2896 praecepta
866 2810 1041 2878 custodiens
1053 2801 1150 2879 occidi
1173 2812 1284 2898 potest,
1306 2812 1388 2904 rioci

148 2939 209 2986 oon
231 2919 363 3004 potest«
411 2917 584 2998 Bonorum,
614 2935 692 3002 quae
713 2935 784 2983 vere
816 2915 897 2984 bona
925 2919 1014 2997 sunt,
1044 2917 1225 2990 cunctorum
1254 2915 1386 3003 largitor

148 3023 234 3090 Daue
256 3022 461 3090 sanctitatem
485 3021 583 3089 Tuam
607 3020 763 3093 custodiat
791 3022 823 3087 et
851 3022 994 3106 protegat
1022 3023 1116 3107 atque
1146 3023 1305 3089 conseruet
1326 3021 1386 3088 Ec-

148 3126 260 3193 clesiae
281 3127 339 3192 sub
361 3124 472 3192 uexillo
493 3126 593 3192 crucis
613 3125 781 3192 militanti!
825 3123 890 3191 Nos
912 3143 983 3210 vero
1005 3143 1109 3192 moras
1131 3143 1241 3191 manus
1271 3125 1387 3192 lrumil·

125 3231 223 3298 ‘lime
245 3229 419 3296 osculantes
442 3250 495 3314 pro
518 3228 605 3294 nobis
627 3229 656 3295 ei
667 3227 810 3294 fidelibus
831 3227 913 3295 curis
936 3229 1048 3296 nostris
1071 3227 1242 3295 commissis
1254 3227 1387 3314 Aposto-

147 3335 241 3402 licam
263 3334 398 3420 petimus
421 3332 681 3399 Benedictionem.
1104 3319 1107 3328 ’

254 3457 372 3524 Datum
401 3431 538 3523 Vicauoc
554 3434 612 3522 26.
635 3455 745 3522 Martii
770 3455 863 3522 1874.
940 3515 941 3520 ,

427 3621 431 3632 ·
476 3585 479 3590 ’
526 3692 530 3702 ,
627 3611 813 3696 merum
834 3611 922 3678 roae

652 3751 775 3819 humill.
799 3749 943 3818 deuotiss.
967 3749 1138 3836 obligatior.
1161 3767 1267 3820 seruus

478 3857 637 3925 Friedric.
661 3855 758 3924 Oord.
779 3855 1051 3940 detumescere
1072 3853 1215 3946 Archiep.
1238 3853 1389 3942 Prageus.

456 4014 460 4020 ·
493 3995 614 4063 humill.
638 3995 783 4061 devotiss.
806 3994 980 4081 obligatiss.
1003 4010 1109 4058 serum
1132 3993 1163 4058 et
1185 3993 1329 4058 creatura

464 4099 594 4182 Joseplr.
618 4097 719 4166 Otium.
742 4097 839 4166 θανά.
863 4097 1040 4192 maroa,
1059 4094 1204 4181 Arclriep.
1227 4093 1392 4163 viennens.

446 4235 568 4304 humill.
592 4235 736 4302 devotius.
759 4235 918 4322 obligatis.
941 4252 1049 4301 servus
1070 4235 1103 4301 et
1124 4235 1267 4300 creatura

442 4341 606 4448 Macimil.
630 4339 727 4408 Oord.
751 4341 923 4426 Tarudcep,
948 4337 1091 4423 archiep.
1105 4337 1288 4456 ‘Salisbnrp‘
