3074 4898
108 317 154 372 lie
178 321 393 387 usurpatione
415 319 505 390 juris
535 319 674 391 stipendi
699 323 848 390 proprios
876 319 937 374 siti
963 323 1058 376 onim.
1084 326 1255 376 curatores.
1299 303 1362 368 247

108 491 195 556 1869
220 491 322 576 (Part.
345 489 371 558 I.
393 493 421 576 ἕ.
444 493 510 576 ll.)
542 473 703 558 obnoriam
744 493 914 560 declaravit
945 493 1252 558 excommunicationi
1280 492 1362 558 latre

104 596 287 662 sententiae
299 595 425 678 speciali
447 595 536 660 modo
553 597 694 662 Romano
714 597 860 662 Pontifici
879 599 1065 663 reservatae.
1089 595 1168 660 Cum
1187 599 1289 662 tamen
1314 599 1363 663 tot

104 697 336 766 saluberrimae
348 699 400 765 SS.
414 698 571 764 Ganonum
584 701 758 766 sanctiones
772 701 854 766 haurd
867 700 1018 786 fregerint
1030 699 1189 766 audaciam
1206 720 1243 768 ac
1255 703 1361 786 neqni-

104 804 186 868 tiam
197 804 393 875 novatorum.
409 823 445 868 no
457 801 489 868 in
502 801 712 886 superioribus
729 805 838 870 Italiae
855 803 1031 889 regionibus
1045 803 1121 868 illud
1139 803 1239 887 ipsum
1256 807 1360 886 patra-

105 909 196 972 retur
212 907 310 985 nolas,
322 906 403 990 quod
415 907 447 971 in
459 905 749 989 proximaHelvetia
761 894 1360 992 nuperiucratApostolioaAuctoritato

106 1009 291 1094 disjectum,
305 1009 526 1077 Sanctissimae
546 1011 583 1077 D.
603 1011 644 1077 N.
658 1012 732 1077 Pius
745 1011 909 1096 Papalll,
929 1011 1148 1094 praemaxima
1165 1031 1227 1102 ¹que
1246 1013 1360 1098 flagrat

105 1133 184 1199 erga
192 1133 301 1200 omnes
313 1132 383 1180 oves
391 1113 600 1180 sollicitudine
613 1117 644 1179 et
656 1115 817 1195 claritate,
831 1115 992 1180 mandavit
1004 1114 1075 1179 hnic
1093 1115 1162 1210 Soc.
1180 1115 1359 1202 Congrege-

105 1217 189 1284 tioni
201 1216 344 1295 Concilii,
357 1217 456 1284 eidem
465 1218 547 1283 mulo
559 1218 667 1284 eadem
680 1219 903 1286 occurrendum
914 1237 980 1284 esse
991 1217 1129 1284 medela:
1153 1220 1283 1304 ideoque
1295 1221 1359 1285 ius·

106 1322 151 1388 sit
163 1322 395 1390 Ecclesiastieis
403 1323 575 1392 Provinciis
586 1323 722 1388 Venetae
736 1343 771 1389 ac
784 1321 1015 1401 Mediolanensi,
1029 1321 1220 1410 singulisque
1229 1324 1358 1389 Dioece·

106 1427 413 1494 sibusPatriarcholi
423 1423 937 1512 acMetropolitaneejurisdictioni
946 1425 1095 1509 subjectis
1105 1426 1253 1508 applicari
1265 1428 1357 1510 atque

107 1531 273 1610 inculcari,
296 1533 386 1614 prout
408 1530 564 1614 praesenti
586 1530 717 1596 Decreta
739 1549 847 1614 reapse
866 1529 1063 1613 applicantur
1084 1531 1176 1613 atquo
1199 1529 1358 1598 inculcan-

106 1637 182 1711 tur,
208 1655 245 1702 ea
268 1635 389 1714 omnia,
425 1652 504 1718 quae
538 1653 592 1718 pro
614 1633 778 1700 Helvetica
801 1632 1031 1712 foederatione,
1054 1634 1157 1717 quoad
1178 1633 1356 1718 popularem

108 1740 325 1806 Perocluorum
347 1738 539 1814 electionem,
562 1737 789 1820 sapientissimo
812 1738 983 1804 constituta
1012 1741 1087 1804 sunt
1117 1737 1149 1807 in
1173 1739 1356 1822 nuperrimis

108 1843 227 1908 Litoris
250 1841 422 1926 Encyolicis
445 1841 506 1908 dici
530 1841 582 1905 21.
606 1841 790 1906 Novembris
816 1842 919 1918 1873}
951 1841 1026 1908 adeo
1050 1845 1087 1908 ut
1120 1844 1303 1926 quicumque
1325 1844 1358 1910 in

109 1945 369 2028 praememoratis
390 1944 599 2022 Dioecesibus,
623 1945 816 2030 suffragante
837 1947 966 2028 populo,
990 1947 1029 2012 ad
1052 1947 1184 2012 Parochi
1213 1947 1276 2014 sive
1299 1948 1357 2013 Vi·

110 2048 189 2113 carii
214 2047 349 2114 officinm
372 2048 464 2114 electi
486 2048 621 2121 audeant
643 2049 708 2114 sive
729 2049 904 2128 Ecclesiae,
927 2049 992 2116 siae
1011 2051 1128 2134 jurium
1151 2051 1356 2118 octonorum

109 2153 309 2235 praetensam
332 2152 553 2236 possessionem
586 2153 741 2238 arripere,
777 2154 872 2236 atquc
902 2153 988 2220 obire
1021 2153 1127 2220 munia
1157 2155 1356 2222 ecelesiastici

109 2256 296 2330 ministerii,
330 2255 416 2339 >ipso
449 2255 532 2321 iacto
564 2255 724 2322 incurrant
754 2255 786 2321 in
820 2259 1167 2325 excommunicationem
1208 2257 1356 2342 majorem

71 2359 73 2364 '
117 2359 337 2444 >mutientes
359 2362 547 2426 reservatam
563 2359 594 2426 S.
610 2358 693 2438 Sodi,
715 2359 851 2444 aliasque
873 2379 985 2444 poenas
1007 2361 1178 2439 canonicas,
1201 2354 1355 2445 iidemque

107 2483 246 2538 ,somnes
267 2463 406 2548 fugiendi
427 2463 491 2528 sint
512 2485 531 2530 a
552 2464 695 2530 fidelibus
714 2464 804 2548 juxta
826 2465 963 2530 divinum
997 2465 1166 2546 monitum,
1193 2468 1354 2550 tamquam

116 2568 233 2636 »alieni
255 2571 310 2634 ant
332 2567 425 2647 iures,
445 2568 497 2652 qni
521 2589 581 2634 non
599 2568 734 2644 ueniunt,
756 2568 816 2634 nisi
839 2572 875 2634 ut
897 2569 1048 2647 iurentur,
1071 2571 1209 2635 mactent
1231 2571 1263 2635 ot
1285 2589 1354 2653 por·
1432 2610 1435 2614 -

114 2672 222 2739 dant«
270 2673 319 2737 lta
340 2691 430 2756 porro
452 2671 560 2738 eadem
583 2672 649 2738 Sec,
673 2672 879 2757 congregatio
902 2671 1032 2739 (lencilii
1055 2671 1170 2738 statuit
1191 2691 1228 2738 ac
1250 2671 1355 2738 decre-

111 2776 167 2855 rit,
193 2781 225 2842 et
248 2777 287 2842 ab
309 2775 451 2842 omnibus
475 2775 590 2842 servari
612 2776 788 2854 mandavit,
811 2775 942 2841 sublatis
965 2775 1207 2860 exemptionibus
1229 2797 1266 2843 ac
1288 2778 1353 2862 pri·
1383 2771 1386 2778 ’

109 2879 234 2966 vilegiis
256 2879 510 2962 quibuscumque,
533 2879 627 2946 etiam
652 2880 779 2963 speciali
802 2881 957 2946 mentione
980 2879 1093 2963 dignis.
1291 2941 1294 2949 .

218 2984 333 3050 Datum
356 2985 472 3050 Βοιιιιιο
493 3003 529 3050 er
551 2983 723 3052 secretaria
752 2983 820 3050 Soc.
854 2982 1110 3068 Congregntionis
1141 2984 1270 3052 Concilii
1299 2984 1349 3052 die

111 3088 164 3154 23.
193 3086 388 3170 Maji1874.

682 3207 719 3273 P.
743 3207 839 3275 Gord.
864 3209 1016 3286 Gotcrr'm',
1043 3210 1142 3276 Praei.

603 3311 639 3377 P.
664 3311 929 3394 Arctiepiecopus
952 3313 1142 3392 Sardianos,
1164 3313 1247 3402 Secu.
