3048 4938
191 339 254 393 Das
275 338 500 406 Discipl.·l'crs¹
519 353 616 409 peperi
634 337 821 408 Fcldpropat
840 337 969 408 Biaclaof
983 308 1250 396 Numozuuowslrc‘.
1293 323 1356 390 323

116 511 193 576 teris
226 511 323 575 velanti
358 510 564 594 oppontunius
598 511 831 579 existimaveris.
878 512 1005 596 Insuper
1036 513 1252 580 tauctoritatem
1286 515 1358 582 Tibi

118 617 295 696 deserimus,
319 635 380 700 qua
402 615 562 698 utriusque
586 617 707 699 generis
730 615 923 698 Coppellanis
946 615 1134 701 advigilare,
1157 637 1269 702 eoaque
1290 638 1357 684 sas·

118 721 257 803 pendere,
283 723 375 804 atque
398 720 436 784 ad
460 718 623 784 Sacrorum
646 719 803 784 danorum
828 739 967 784 normam
990 721 1159 806 corrigere,
1189 723 1233 787 eb
1250 723 1288 788 ab
1311 723 1357 787 ol·

117 825 188 890 iioio
209 825 302 890 otiam
325 843 465 889 amovere
488 825 602 908 possim
619 824 699 908 quod
722 825 844 908 quidem
868 823 1003 890 olficium
1033 826 1079 890 ita
1109 845 1230 910 semper
1252 827 1355 892 eristi·

118 930 198 994 mari
221 927 323 1004 debet,
346 927 481 991 utillud
505 928 544 992 ad
570 930 677 992 nutum
694 929 830 993 rovocari
854 931 956 1010 queat.
1004 930 1144 1013 Denique
1156 931 1227 996 'libi
1250 951 1357 996 conoe-

118 1033 239 1109 dinms,
263 1034 299 1095 ut
322 1030 361 1095 ad
383 1031 578 1112 spiritualem
602 1033 777 1097 eorumdem
810 1033 1015 1109 exercituum,
1048 1035 1079 1097 et
1102 1032 1356 1117 Cappellauorum

118 1137 288 1202 utilitatem
311 1135 398 1199 licite
420 1135 452 1198 ct
474 1135 639 1200 liberanti
663 1139 760 1217 possis
783 1135 985 1200 facultatibus
1008 1137 1218 1215 absolvendi„
1233 1139 1264 1202 et
1294 1139 1358 1202 dis-

118 1240 276 1324 pensandi,
299 1238 428 1322 aliisque
451 1241 592 1304 omnibus
614 1239 835 1317 facultatibus,
857 1233 935 1324 quae
959 1231 1155 1307 continentur
1174 1241 1206 1306 ia
1229 1243 1359 1307 termula

119 1345 213 1409 tortia
232 1344 315 1428 tppis
338 1343 441 1421 edita,
474 1347 553 1427 quae
574 1363 628 1426 per
655 1344 804 1408 Nostram
827 1343 1106 1428 Congregationem
1127 1345 1213 1410 Fidei
1244 1366 1357 1430 propo-

119 1448 238 1530 gandae
260 1448 464 1531 praepositam
499 1448 633 1530 oxpediri
656 1448 742 1512 solet.
789 1448 855 1529 Quo
888 1449 970 1513 circa
983 1467 1044 1513 eas
1077 1449 1159 1531 ipsas
1193 1449 1359 1515 facultates

118 1571 197 1635 quaa
219 1551 289 1617 'libi
311 1551 342 1615 in
365 1551 523 1633 praedicta
545 1551 676 1616 formula
698 1571 751 1634 pro
773 1552 1010 1617 Vratislaviensi
1043 1557 1095 1616 tua
1119 1553 1258 1618 Dioeccsi
1288 1571 1357 1618 coa·

120 1657 286 1730 ceduntur,
312 1655 457 1718 adliibore
481 1655 594 1738 poteris
623 1655 662 1718 ad
694 1655 856 1737 spirituale
885 1655 1059 1721 corumdem
1091 1657 1297 1734 exercituum,
1328 1661 1360 1720 et

121 1759 374 1842 Gappcllancrum
408 1760 521 1824 bonum
553 1759 583 1823 in
616 1760 722 1841 quovis
753 1759 818 1823 loco
847 1760 905 1842 ipsi
934 1760 1058 1825 luerint.
1103 1759 1190 1824 Haeo
1221 1753 1357 1837 interim,

121 1863 314 1928 Venerabilis
344 1863 463 1940 Frater,
487 1863 670 1938 statuenda,
702 1881 737 1926 ac
760 1863 924 1928 tribuenda
951 1863 1207 1941 existimavimus,
1239 1864 1310 1928 dum
1340 1883 1361 1928 a

121 1967 164 2031 Te
186 1969 390 2050 expectamus,
415 1970 450 2030 ut
474 1987 525 2049 pro
549 1966 692 2050 prudenti
717 1969 770 2030 tao
794 1967 920 2031 consilio
951 1985 987 2032 ea
1009 1967 1111 2032 omnia
1133 1969 1238 2038 Nobis.
1261 1968 1359 2051 sigui-

121 2072 214 2136 ficare
238 2073 324 2148 aclis,
348 2091 426 2153 quae
442 2071 512 2135 Tibi
535 2072 635 2152 nnagis
657 2074 827 2153 opportuna
848 2089 913 2136 esse
939 2072 1110 2148 videantur,
1133 2073 1168 2136 ut
1191 2073 1269 2136 tanti
1294 2089 1360 2136 mo-

122 2176 219 2239 menti
241 2177 400 2258 negotium
424 2175 565 2250 utiliore,
589 2193 625 2238 ac
647 2174 772 2238 meliore
795 2175 914 2240 ratione
937 2176 967 2239 in
990 2177 1144 2257 posterum
1167 2175 1271 2258 pertici
1292 2191 1360 2258 pos·

121 2279 173 2344 sit,
222 2283 264 2341 Ac
286 2298 341 2360 pro
364 2281 447 2342 certo
470 2279 630 2356 babentes,
653 2279 695 2343 Te
719 2279 775 2343 hoc
799 2279 892 2343 etiam
915 2297 1043 2345 munero
1063 2299 1185 2344 summa
1207 2298 1297 2358 cura,
1328 2280 1360 2343 οι

121 2381 788 2464 studioesseperfuncturum,ct'tNosr1s
820 2381 995 2461 desideriis,
1030 2401 1067 2447 ac
1101 2381 1359 2465 postulationibus

123 2485 343 2568 perdiligenter
365 2505 589 2566 responsurum,
614 2487 692 2550 hano
715 2487 903 2571 occasionem
927 2486 1113 2568 perlibenter
1135 2487 1357 2592 amplectimur,

122 2592 156 2654 t
122 2609 374 2672 praecipuam
399 2590 477 2652 Nost
463 2592 544 2652 tram
569 2609 640 2673 ergo
669 2590 712 2654 'Po
735 2590 924 2655 beneroleut
917 2609 979 2654 ram
1009 2590 1108 2656 denuo
1129 2593 1296 2664 testemur
1327 2593 1359 2652 et

121 2695 343 2760 confirmemus
391 2695 487 2776 Cujus
509 2713 628 2778 quoque
659 2696 770 2778 pignus
800 2694 999 2778 adjungimus
1022 2694 1228 2777 apostolicam
1261 2695 1359 2757 Bene-

121 2799 195 2862 dict
173 2801 305 2876 tionem,
340 2817 431 2881 quam
467 2818 501 2862 er
524 2799 633 2862 intimo
656 2798 745 2863 cordo
768 2799 936 2882 profectam
960 2799 1142 2880 Tibiipsi,
1165 2796 1359 2864 Venerabilis

125 2903 238 2980 l'ruter,
261 2903 461 2984 omnibusque
478 2899 616 2977 Gloriois,
640 2903 799 2986 laicisque
822 2903 964 2968 fidelibus
988 2905 1059 2966 tuae
1084 2901 1264 2986 vigilantiae
1285 2919 1358 2965 con-

121 3005 246 3071 creditis
269 3009 463 3106 peramanter
485 3008 689 3089 impertimur.
739 3009 851 3072 llatum
877 3005 1004 3088 Neapoli
1027 3007 1059 3070 in
1083 3005 1267 3070 Suburbano
1285 3005 1359 3068 Por·

120 3111 173 3175 tici
199 3111 247 3173 die
270 3109 385 3174 XXlV.
410 3110 551 3175 Octobris
575 3111 662 3174 Arrno
685 3101 1052 3176 alucccxxxxvllrr.

246 3231 448 3295 Pontificatum
607 3231 712 3296 Nostri
868 3231 959 3335 Anno
1115 3230 1241 3311 Quarto.

603 3351 709 3416 PIUS
730 3351 794 3416 PP.
819 3351 884 3416 IX.
1199 3363 1202 3369 '

218 3521 393 3586 Venerabili
415 3521 530 3586 Fratri

122 3625 295 3690 Melclriori
316 3627 355 3690 de
378 3625 575 3706 Diopoubrob

124 3729 281 3810 Episcopo
309 3730 549 3794 Vrutislouicusi

558 3833 792 3900 liutislocium.

719 4023 759 4092 B.

228 4145 284 4207 Die
309 4143 484 4227 kdrriglicbo
508 4145 781 4230 Staatsregierung
804 4147 869 4222 bat,
894 4165 949 4210 uon
973 4132 1043 4209 dem
1067 4143 1222 4210 Wunscbe
1245 4145 1361 4220 catilli,

125 4247 173 4311 dio
197 4247 355 4330 Scelsorge
378 4249 426 4311 sair
456 4249 513 4312 deu
542 4250 595 4313 der
626 4249 839 4315 katlnoliscbcn
864 4250 1004 4332 Religion
1039 4247 1247 4332 aagehdrigcu
1272 4249 1362 4313 'lircil

124 4352 178 4416 der
200 4351 396 4435 ldniglioben
421 4353 529 4416 Armcc
551 4354 582 4416 in
608 4354 818 4418 umiassendcr
840 4351 1181 4417 nnoooasiohuicher
1200 4352 1301 4415 Weiss
1325 4371 1360 4414 zu

125 4455 248 4533 orduen,
272 4455 364 4521 achon
388 4455 447 4520 scit
469 4455 610 4539 langerer
632 4457 701 4521 Zoit
723 4456 818 4522 dabin
843 4477 879 4521 au
902 4455 1016 4520 wir-laen
1038 4455 1103 4520 sich
1132 4456 1269 4532 bemilnt,
1293 4455 1363 4519 dass

126 4558 203 4622 uach
226 4559 296 4624 dem
319 4559 465 4624 Vo'rbildc
487 4561 615 4625 auderet
645 4562 703 4626 mit
737 4562 787 4625 ibr
815 4562 847 4625 iu
870 4559 1034 4625 abaliolnea
1055 4559 1286 4625 Verbaltuisseu
1311 4561 1363 4623 be·

126 4661 291 4732 tindlicben
313 4663 440 4730 Staaten
463 4664 512 4728 die
535 4665 624 4730 obera
647 4665 794 4730 Auisicht
815 4667 891 4730 ibor
912 4665 967 4730 das
998 4664 1161 4748 geistliche
1183 4664 1277 4729 Wobl
1307 4663 1361 4726 der

425 4811 428 4822 ·
1089 4767 1158 4831 21·
1325 4811 1326 4816 κ
