3048 4938
167 297 230 369 322
420 318 477 375 Dte
493 320 680 376 menbranae
700 321 913 390 Feldpropstet
932 323 967 374 in
986 321 1146 374 Preussen.

599 592 601 606 Ι
676 509 899 593 t'ntapen.

761 697 800 766 A.

610 839 738 904 PIUS
776 835 848 906 PP.
887 839 955 905 IX.

269 995 463 1060 Venerabilis
496 997 608 1060 Frater
644 995 798 1073 salutem,
833 997 865 1058 et
898 994 1107 1077 atpoatoliranr
1143 995 1411 1060 Berrediotionam.

167 1101 242 1164 Crura
256 1101 353 1164 Nobis
379 1101 456 1164 nihil
479 1100 590 1182 potius,
615 1099 692 1164 uibil
716 1099 883 1182 optabilius
906 1119 998 1181 quarn
1020 1093 1160 1162 omnibns
1183 1099 1349 1162 oar·issimis
1375 1101 1409 1162 in

165 1203 286 1270 Cbriato
310 1203 398 1268 liliis
422 1203 545 1274 Nostris
568 1203 680 1284 ubique
704 1201 861 1284 ¹peritiam,
894 1201 1007 1285 ubique
1034 1205 1185 1266 terrarum
1211 1203 1408 1266 rnomntibus

164 1309 376 1374 arrrautissbne
399 1306 566 1384 eonsulere,
589 1326 624 1372 aa
646 1306 823 1390 spirituales
854 1325 956 1370 soriam
988 1307 1159 1380 utilitates,
1189 1309 1339 1389 quantum
1373 1307 1408 1371 iu

164 1413 260 1476 Notus
284 1415 340 1485 ost,
365 1411 472 1492 rrrrrjori
494 1429 589 1492 aeque
613 1429 649 1474 ao
670 1410 798 1489 meliori,
823 1429 883 1492 quo
904 1409 970 1476 fieri
994 1415 1104 1494 potest,
1128 1411 1217 1476 ruodo
1239 1411 1406 1474 studiosis-

164 1515 240 1580 sime
264 1535 434 1598 pronaum,
457 1533 577 1578 sumina
599 1513 720 1596 atridem
756 1515 961 1578 consolatione
982 1515 1086 1578 alderti
1110 1515 1222 1577 luimus
1250 1514 1303 1578 ubi
1332 1515 1406 1596 pri-

164 1639 246 1684 mum
271 1619 476 1694 Sauerrissbni,
507 1637 543 1682 ae
569 1616 778 1681 l'otentissimi
810 1617 973 1682 Borussiae
997 1617 1098 1705 Regis
1116 1617 1249 1682 Illusbis
1279 1617 1407 1682 nomine

165 1725 265 1786 ol‘liein
286 1723 385 1787 Nobis
409 1723 578 1796 innotuere,
601 1739 679 1803 quiue
702 1739 737 1784 eo
759 1723 912 1804 speetant,
937 1723 971 1785 ut
993 1721 1144 1785 Catholici
1169 1721 1346 1804 Cappallani
1371 1723 1405 1786 in

164 1827 261 1908 regiis
280 1827 417 1906 ejusdem
439 1825 590 1906 Principis
621 1824 717 1907 eopiis
739 1827 928 1907 augeantur,
952 1843 988 1888 aa
1009 1825 1102 1890 simul
1116 1824 1405 1908 supremusllaole-

164 1930 307 1994 siastieus
331 1931 486 1994 statuatur
510 1928 698 2005 Moderator,
721 1931 773 2010 qui
797 1927 992 2010 Cappallnnis
1015 1929 1088 2012 ipsis
1110 1927 1255 2010 delegata
1277 1927 1338 1992 sibi
1360 1930 1405 1992 ab

166 2033 341 2115 Apostolira
365 2031 442 2098 Sede
465 2031 650 2097 auotoritato
678 2031 837 2114 invigilet,
861 2035 954 2116 atque
976 2032 1160 2114 praesideat.
1205 2033 1312 2116 ltaque
1342 2033 1405 2096 etsi

164 2141 229 2202 tarn
254 2139 372 2214 utilem,
396 2141 521 2220 taurique
544 2135 710 2202 salutarem
727 2157 790 2200 reur
814 2136 923 2202 stabili
944 2139 1066 2202 ratione
1088 2137 1195 2202 statim
1214 2137 1406 2203 constituere

166 2240 292 2306 minime
315 2241 482 2323 potuimus,
506 2239 602 2304 veluti
624 2240 655 2304 in
680 2239 801 2304 Nostris
825 2241 903 2306 votis
924 2240 1043 2317 luisset,
1067 2243 1171 2306 tamea
1194 2261 1248 2324 pro
1271 2242 1405 2323 Aposto-

165 2345 222 2408 lira
255 2347 286 2408 ot
320 2349 447 2428 paterne
478 2343 591 2410 Nostra
621 2345 658 2409 de
687 2344 842 2428 spirituali
873 2345 1044 2408 arriurarum
1075 2343 1153 2408 bono
1183 2343 1403 2421 sollieitudine,

166 2449 241 2514 nibil
266 2452 349 2512 certe
373 2447 529 2531 antiquius
543 2449 718 2526 imbuimus,
740 2465 833 2531 quam
858 2449 893 2514 ut
915 2449 996 2514 tanti
1009 2449 1156 2514 momenti
1169 2449 1293 2532 negotio
1315 2449 1404 2514 nulla

165 2552 329 2634 interjecta
352 2571 438 2616 mora
461 2551 563 2634 aliquo
587 2552 675 2617 inodo
697 2550 932 2618 oonsuleremus.
976 2552 1018 2618 aa
1038 2553 1182 2634 quoniam
1207 2552 1289 2618 barud
1311 2553 1402 2637 igno-

166 2657 279 2735 rainus,
302 2655 495 2722 Venerabilis
509 2657 629 2734 Frater,
654 2675 732 2739 quae
754 2659 810 2722 tua
833 2657 875 2722 sit
890 2655 1009 2740 religio,
1034 2656 1142 2739 pietas,
1165 2658 1277 2740 quique
1300 2675 1403 2722 saeer-

165 2761 278 2826 dotalia
301 2761 373 2825 tuus
395 2760 562 2829 seeundum
587 2761 748 2826 seientiam
772 2761 865 2838 zelus,
888 2763 921 2825 et
943 2760 1112 2826 catholicae
1142 2760 1301 2842 religionis
1331 2763 1402 2826 stu-

165 2865 261 2939 dium,
284 2867 377 2947 atque
400 2864 478 2928 aliua
500 2865 548 2929 tui
570 2865 665 2928 riniani
689 2864 866 2948 ingeniique
889 2863 990 2940 dotas,
1016 2863 1124 2928 ieoirao
1151 2864 1302 2946 ejusmodi
1329 2883 1403 2947 ,era-

166 2968 323 3032 vissimum
348 2985 383 3032 ae
405 2967 669 3051 religiosissimum
701 2987 811 3032 munais
834 2967 904 3032 Tibi
931 2967 1049 3032 iutaraa
1074 2987 1164 3048 quam
1196 2968 1402 3034 libentissime

165 3069 419 3136 committendum
442 3070 625 3136 sensuimus.
670 3071 873 3154 Quernobrem
898 3071 980 3138 hisee
1002 3070 1149 3144 Litteris,
1184 3071 1279 3136 donee
1308 3071 1402 3136 aliter

165 3171 303 3240 aNobis
325 3175 356 3238 et
378 3173 556 3256 Apostolioa
578 3175 656 3240 Sede
678 3179 846 3252 statuatur,
870 3175 956 3251 Tibi,
980 3175 1173 3240 Venerabilis
1196 3174 1319 3252 Frater,
1349 3193 1402 3238 re·

164 3297 231 3342 rum
257 3275 484 3343 Catholioarum
515 3296 619 3343 euram
644 3279 866 3344 committimus
895 3279 925 3344 in
957 3279 1075 3344 eunetis
1098 3277 1234 3360 ejusdem
1263 3277 1402 3344 Serenia-

163 3381 234 3446 simi
257 3383 289 3446 et
311 3381 522 3449 Potentissimi
545 3383 708 3448 Bornssiae
733 3383 825 3466 Regis
849 3383 983 3450 illustris
1013 3382 1108 3465 copiis
1141 3383 1223 3446 terro
1260 3382 1398 3464 marique

125 3515 132 3526 =
162 3485 192 3549 in
215 3486 322 3569 quovis
344 3486 410 3551 loeo
432 3486 637 3570 degentibus,
668 3505 704 3552 ao
737 3490 898 3571 propterea
928 3487 970 3552 Te
993 3487 1141 3552 Nostrum
1165 3487 1197 3550 at
1221 3485 1397 3567 Apostoliea

161 3589 297 3672 ejusdem
311 3589 398 3654 Sedis
415 3590 601 3674 Delegotunr
614 3591 767 3676 eligimus,
789 3591 1017 3667 constituimus,
1038 3593 1070 3658 et
1081 3591 1264 3674 deputamus
1276 3607 1345 3654 eum
1357 3587 1398 3652 iis

160 3692 371 3769 laerrltatibns,
384 3694 501 3777 quasin
515 3694 636 3760 Nostris
649 3695 732 3760 hisee
744 3695 870 3760 Litteris
883 3713 1166 3771 commemoramus,
1184 3697 1216 3756 et
1233 3711 1309 3775 quas
1326 3692 1397 3756 aliis

159 3813 277 3879 quoque
290 3797 352 3875 uni,
369 3797 416 3862 vol
429 3797 568 3880 pluribus
579 3798 696 3864 idoneis
708 3799 924 3864 ecelesiasticis
937 3800 1010 3864 viris
1022 3799 1223 3881 subdelegare
1236 3797 1349 3879 poteris
1359 3815 1397 3860 aa

160 3919 195 3962 er
207 3901 302 3982 parto,
317 3899 415 3983 inqua
427 3919 481 3985 pro
496 3902 602 3968 loooet
613 3891 749 3985 ternpore
762 3897 901 3986 expedire
915 3903 945 3967 iu
960 3903 1092 3968 Domino
1106 3901 1299 3984 judicareris.
1321 3899 1393 3964 Tibi

159 4003 256 4086 igitur
265 3997 460 4070 Auttoritata
471 4003 586 4070 Nostra
599 4006 773 4089 Apostollea
784 4009 970 4090 potestatem
984 4007 1113 4072 lacinias
1123 4005 1255 4088 eligendi
1271 4021 1323 4086 pro
1332 4003 1396 4068 Bo-

159 4106 284 4172 russicis
296 4107 391 4190 oopiis
402 4108 568 4174 eatbolioos
588 4109 790 4196 Guppellauos
807 4129 877 4176 eram
893 4111 1041 4177 facultate
1054 4107 1292 4176 administrandi
1305 4125 1396 4174 saue·

158 4207 486 4276 tissrnasmramema
501 4211 647 4296 (exeeptis
655 4215 773 4280 scilieet
790 4213 1035 4280 Contrruata'ouis
1046 4214 1077 4278 et
1085 4213 1209 4280 Ordinis
1217 4211 1396 4280 Sacramen-

159 4314 224 4398 tis),
238 4315 270 4377 et
281 4315 446 4399 peragendi
466 4316 654 4398 paroehialis
671 4319 778 4384 munia
796 4337 851 4401 pro
866 4319 921 4384 illa
933 4319 1108 4384 earumdem
1128 4319 1283 4402 eopisrum
1295 4316 1394 4399 parte,

159 4419 407 4502 quaeuniouique
419 4437 454 4483 ex
466 4419 556 4484 dietis
569 4419 765 4503 Cappellanis
774 4422 1058 4487 tueriteouoredita.
1082 4421 1247 4486 Praeterea
1259 4419 1394 4502 potesta-

160 4521 222 4583 tem
245 4519 314 4583 Tibi
337 4521 502 4586 tribuimus
525 4520 691 4604 deputandi
715 4509 752 4586 in'
769 4523 944 4588 eorumdem
968 4523 1220 4606 Cappellanorum
1244 4519 1393 4586 auxilium

161 4622 237 4686 alios
260 4624 425 4688 catholicos
456 4623 652 4709 Sacerdotes,
683 4625 795 4709 quibus
819 4627 950 4692 minores
981 4627 1144 4690 facultates
1176 4625 1308 4690 centana
1337 4639 1392 4704 po-
